@article {Fan2022,
	author = {Jason Fan and Jamshed Khan and Giulio Ermanno Pibiri and Rob Patro},
	title = {Spectrum preserving tilings enable sparse and modular reference indexing},
	elocation-id = {2022.10.27.513881},
	year = {2022},
	doi = {10.1101/2022.10.27.513881},
	publisher = {Cold Spring Harbor Laboratory},
	URL = {https://www.biorxiv.org/content/early/2022/10/28/2022.10.27.513881},
	eprint = {https://www.biorxiv.org/content/early/2022/10/28/2022.10.27.513881.full.pdf},
	journal = {bioRxiv}
}
